<?xml version="1.0" encoding="UTF-8"?><record xmlns="http://www.loc.gov/MARC21/slim" xmlns:cinclude="http://apache.org/cocoon/include/1.0" xmlns:zs="http://www.loc.gov/zing/srw/">
  <leader>00355cz  a2200121n  4500</leader>
  <controlfield tag="001">n  86858237 </controlfield>
  <controlfield tag="003">DLC</controlfield>
  <controlfield tag="005">19890504055855.1</controlfield>
  <controlfield tag="008">861014n| acannaab|          |n aaa      </controlfield>
  <datafield tag="010" ind1=" " ind2=" ">
    <subfield code="a">n  86858237 </subfield>
  </datafield>
  <datafield tag="040" ind1=" " ind2=" ">
    <subfield code="a">DLC</subfield>
    <subfield code="c">DLC</subfield>
    <subfield code="d">DLC</subfield>
    <subfield code="d">NjP</subfield>
  </datafield>
  <datafield tag="100" ind1="1" ind2="0">
    <subfield code="a">Desjours, Jean</subfield>
  </datafield>
  <datafield tag="670" ind1=" " ind2=" ">
    <subfield code="a">nuc86-93301: Le Grand oeuvre, c1983</subfield>
    <subfield code="b">(hdg. on ViU rept.: Desjours, Jean; usage: Jean Desjours)</subfield>
  </datafield>
</record>